@book{Darwin,
    author = {Darwin, P. B. and Kozlowski, P.},
    title = {AngularJS Web Application Development},
    year = {2013},
    edition = {1st},
    publisher = {Packt Publishing},
    isbn = {1782161821},
    pubstate = {raw}
}

@book{Crockford,
    author = {Crockford, Douglas},
    title = {JavaScript: The Good Parts},
    year = {2008},
    isbn = {0596517742},
    publisher = {O'Reilly Media, Inc.}
} 

@book{Stefanov,
  title={JavaScript Patterns},
  author={Stefanov, S.},
  isbn={9781449396947},
  url={http://books.google.es/books?id=WTZqecc9olUC},
  year={2010},
  publisher={O'Reilly Media}
}

@online{AngularJSGuide,
    author = {The AngularJS Team},
    title = {The AngularJS Guide},
    year = {2013},
    url = {http://docs.angularjs.org/guide},
    organization = {Google},
    urldate = {2013-04-22}
}

@book{Fowler,
    title={Patterns of enterprise application architecture},
    author={Fowler, M.},
    isbn = {0321127420},
    edition={17th},
    month={July},
    year={2011},
    publisher={Addison-Wesley Longman Publishing Co., Inc.},
    address = {Boston, MA, USA}
}

